@book{BoiteOutilsEcrire2022,
  title = {Boîte à Outils {{Ecrire}} Pour Le {{Web}} - 2e Éd},
  date = {2022},
  publisher = {{Dunod Editeur}},
  isbn = {978-2-10-084425-8},
  langid = {english}
}

@online{ClavierFaitSon2017,
  title = {Le clavier fait son entrée dans la réalité virtuelle},
  date = {2017-11-04T12:03:00Z},
  url = {https://www.20min.ch/fr/story/le-clavier-fait-son-entree-dans-la-realite-virtuelle-157302554468},
  urldate = {2023-03-10},
  abstract = {Logitech propose une solution compatible avec le casque HTC Vive pour faciliter l'utilisation d'un périphérique de saisie en mode immersif.},
  langid = {french},
  organization = {{20 minutes}},
  file = {/Users/davidpaulino/Zotero/storage/NSUGR4CP/le-clavier-fait-son-entree-dans-la-realite-virtuelle-157302554468.html}
}

@online{FactsJohnsonJohnson2020,
  title = {5 {{Facts About Johnson}} \& {{Johnson}}’s {{Investigational Janssen COVID-19 Vaccine Candidate}}},
  date = {2020-07-30T11:03:07.999},
  url = {https://www.jnj.com/latest-news/latest-facts-news-about-johnson-johnson-covid-19-vaccine-candidate},
  urldate = {2023-03-10},
  abstract = {With its global Phase 3 clinical trial now fully enrolled with approximately 45,000 adult participants, we share the most up-to-date information about the single-dose investigational vaccine candidate.},
  langid = {english},
  organization = {{Content Lab U.S.}},
  file = {/Users/davidpaulino/Zotero/storage/DZEF5Y9P/latest-facts-news-about-johnson-johnson-covid-19-vaccine-candidate.html}
}

@book{ganiEcrirePourWeb2022,
  title = {Ecrire pour le web: 59 outils clés en main + 17 exercices d'application},
  shorttitle = {Ecrire pour le web},
  author = {Gani, Muriel},
  date = {2022},
  series = {La boîte à outils. Marketing/communication},
  edition = {2e édition},
  publisher = {{Dunod}},
  location = {{Malakoff}},
  isbn = {978-2-10-083718-2},
  langid = {fre},
  keywords = {Art d'écrire,Multimédias interactifs,Sites Web,Systèmes de gestion de contenu Web}
}

@article{hupeOpportunitiesImprovedPatron2018,
  title = {Opportunities for Improved Patron Service with a New Integrated Library System},
  author = {Hupe, Meghan and Van Keuren, Linda and Singleton, Latoya},
  date = {2018-01-02},
  journaltitle = {Journal of Access Services},
  volume = {15},
  number = {1},
  pages = {24--33},
  publisher = {{Routledge}},
  issn = {1536-7967},
  doi = {10.1080/15367967.2017.1419874},
  url = {https://doi.org/10.1080/15367967.2017.1419874},
  urldate = {2023-03-10},
  abstract = {Dahlgren Memorial Library, the Graduate Health and Life Sciences Research Library at Georgetown University moved from the Sierra integrated library system (ILS) to Cybertools in July 2016. This article will discuss the reasons for the move and how the system was implemented. The challenges that were faced and the many benefits of using the new ILS will also be discussed.},
  keywords = {Access services,circulation,cybertools,document delivery,integrated library systems,interlibrary loan,user services}
}

@book{nebraRealisezVotreSite2012,
  title = {Réalisez Votre Site Web Avec {{HTML5}} et {{CSS3}} : {{Créer}} Son Site Web n'a Jamais Été Aussi Facile!},
  shorttitle = {Réalisez Votre Site Web Avec {{HTML5}} et {{CSS3}}},
  author = {Nebra, Mathieu},
  date = {2012},
  publisher = {{OpenClassrooms}},
  url = {https://hesge.scholarvox.com/catalog/book/docid/88809435},
  urldate = {2023-03-10},
  abstract = {Vous rêvez d'apprendre à créer des~sites web~mais vous avez peur que ce soit compliqué car vous débutez ? Ce livre est fait pour vous !~Conçu pour les débutants, il vous permettra de découvrir~HTML5 et CSS3, les dernières technologies en matière de~création de sites web. Un cours pensé pour les débutants Aucun pré-requis, à part savoir allumer son ordinateur Une difficulté progressive pour ne perdre aucun lecteur en route Plébiscité par les professeurs et professionnels de l'informatique, mais aussi par leurs élèves ! Réalisez le site web dont vous avez toujours rêvé ! Qu’est-ce qu’un site web et comment font les pros pour en créer ? Installez les logiciels dont vous avez besoin, que vous soyez sous Windows, Mac ou Linux Découvrez les balises HTML5 afin de structurer votre site Habillez vos pages web grâce à CSS3 Réussissez la mise en page de votre site pas à pas à travers des travaux pratiques ! Insérez facilement des images et vidéos sur votre site web Hébergez votre site sur le Web À qui ce livre est-il destiné ? Aux passionnés d'informatique qui veulent aller plus loin avec leur ordinateur Aux étudiants dans le domaine des nouvelles technologies qui recherchent un support de cours À toutes les personnes qui désirent créer des sites web},
  isbn = {978-2-9535278-8-9}
}

@article{reichlerAutoformationInformationLiteracy2016,
  title = {Autoformation à l'information literacy par la gamification},
  author = {Reichler, Fantin},
  date = {2016},
  url = {https://sonar.ch/global/documents/314808},
  urldate = {2023-03-10},
  abstract = {Le projet SONAR vise à créer une plateforme scientifique qui recueille, promeut et préserve les publications des personnes affiliées aux institutions publiques de recherche suisses.},
  langid = {french},
  file = {/Users/davidpaulino/Zotero/storage/JSFST7IX/Reichler - 2016 - Autoformation à l'information literacy par la gami.pdf}
}
